<record><leader>00000cas a22000007a 4500</leader><controlfield tag="001">12485082</controlfield><controlfield tag="008">850903c19uu9999inuwr ne      0    0eng d</controlfield><datafield ind1=" " ind2=" " tag="010"><subfield code="a">sn 85048054 </subfield></datafield><datafield ind1=" " ind2=" " tag="040"><subfield code="a">NPI</subfield><subfield code="b">eng</subfield><subfield code="c">NPI</subfield><subfield code="d">OCLCQ</subfield><subfield code="d">IUL</subfield><subfield code="d">OCLCF</subfield></datafield><datafield ind1="1" ind2=" " tag="029"><subfield code="a">AU@</subfield><subfield code="b">000025840462</subfield></datafield><datafield ind1=" " ind2=" " tag="042"><subfield code="a">msc</subfield></datafield><datafield ind1=" " ind2=" " tag="043"><subfield code="a">n-us-in</subfield></datafield><datafield ind1="0" ind2=" " tag="130"><subfield code="a">Weekly herald (Madison, Ind. : 1974)</subfield></datafield><datafield ind1="1" ind2="4" tag="245"><subfield code="a">The weekly herald.</subfield></datafield><datafield ind1=" " ind2=" " tag="260"><subfield code="a">Madison, Ind. :</subfield><subfield code="b">[Don R. Wallis]</subfield></datafield><datafield ind1=" " ind2=" " tag="300"><subfield code="a">v. :</subfield><subfield code="b">ill. ;</subfield><subfield code="c">58 cm.</subfield></datafield><datafield ind1=" " ind2=" " tag="500"><subfield code="a">Publisher's name from Ayer's Directory of publications.</subfield></datafield><datafield ind1=" " ind2=" " tag="500"><subfield code="a">Democratic Cf. Miller, John W. Indiana newspaper bibliog.</subfield></datafield><datafield ind1=" " ind2=" " tag="588"><subfield code="a">Description based on: Oct. 2, 1974.</subfield></datafield><datafield ind1=" " ind2="0" tag="651"><subfield code="a">Madison (Ind.)</subfield><subfield code="v">Newspapers.</subfield></datafield><datafield ind1=" " ind2="0" tag="651"><subfield code="a">Jefferson County (Ind.)</subfield><subfield code="v">Newspapers.</subfield></datafield><datafield ind1=" " ind2="7" tag="651"><subfield code="a">Indiana</subfield><subfield code="z">Jefferson County.</subfield><subfield code="2">fast</subfield><subfield code="0">(OCoLC)fst01232953</subfield></datafield><datafield ind1=" " ind2="7" tag="651"><subfield code="a">Indiana</subfield><subfield code="z">Madison.</subfield><subfield code="2">fast</subfield><subfield code="0">(OCoLC)fst01237191</subfield></datafield><datafield ind1=" " ind2="7" tag="655"><subfield code="a">Newspapers.</subfield><subfield code="2">fast</subfield><subfield code="0">(OCoLC)fst01423814</subfield></datafield><datafield ind1=" " ind2=" " tag="752"><subfield code="a">United States</subfield><subfield code="b">Indiana</subfield><subfield code="c">Jefferson</subfield><subfield code="d">Madison.</subfield></datafield><datafield ind1="0" ind2="0" tag="780"><subfield code="t">Madison weekly herald (Madison, Ind. : 1940)</subfield><subfield code="w">(DLC)sn 85048053</subfield><subfield code="w">(OCoLC)12484586</subfield></datafield></record>